<?xml version="1.0" encoding="UTF-8"?><collection xmlns="http://www.loc.gov/MARC21/slim"><record><leader>00469nam--2200157-i-4500</leader><controlfield tag="001">000047349</controlfield><controlfield tag="002">20161230</controlfield><controlfield tag="005">20161230201046</controlfield><controlfield tag="008">060222s1000------------r-----000-0-eng-d</controlfield><datafield ind1=" " ind2=" " tag="080"><subfield code="a">51:518.1</subfield></datafield><datafield ind1=" " ind2=" " tag="100"><subfield code="a">Widder,David V</subfield></datafield><datafield ind1=" " ind2=" " tag="245"><subfield code="a">Advanced calculus. 2nd editioin. 5th printing</subfield></datafield><datafield ind1=" " ind2=" " tag="260"><subfield code="a">Englewood Cliffs, N.J.,Prentice-hall, Inc.,1965. Xvi + 520 P</subfield></datafield><datafield ind1=" " ind2=" " tag="490"><subfield code="a">Prentice-hall Mathematics Series</subfield></datafield><datafield ind1=" " ind2=" " tag="852"><subfield code="a">27479</subfield><subfield code="c">512.94;512.972</subfield></datafield><datafield ind1=" " ind2=" " tag="CAT"><subfield code="a">Sys</subfield><subfield code="c">20080526</subfield><subfield code="h">111842</subfield></datafield></record></collection>